%YAML 1.1
%TAG !u! tag:unity3d.com,2011:
--- !u!29 &1
Scene:
  m_ObjectHideFlags: 0
  m_PVSData: 
  m_QueryMode: 1
  m_PVSObjectsArray: []
  m_PVSPortalsArray: []
  m_OcclusionBakeSettings:
    viewCellSize: 1
    bakeMode: 2
    memoryUsage: 10485760
--- !u!104 &2
RenderSettings:
  m_Fog: 0
  m_FogColor: {r: .5, g: .5, b: .5, a: 1}
  m_FogMode: 3
  m_FogDensity: .00999999978
  m_LinearFogStart: 0
  m_LinearFogEnd: 300
  m_AmbientLight: {r: .200000003, g: .200000003, b: .200000003, a: 1}
  m_SkyboxMaterial: {fileID: 0}
  m_HaloStrength: .5
  m_FlareStrength: 1
  m_HaloTexture: {fileID: 0}
  m_SpotCookie: {fileID: 0}
  m_ObjectHideFlags: 0
--- !u!127 &3
GameManager:
  m_ObjectHideFlags: 0
--- !u!157 &4
LightmapSettings:
  m_ObjectHideFlags: 0
  m_LightProbes: {fileID: 0}
  m_Lightmaps: []
  m_LightmapsMode: 1
  m_BakedColorSpace: 0
  m_UseDualLightmapsInForward: 0
  m_LightmapEditorSettings:
    m_Resolution: 50
    m_LastUsedResolution: 0
    m_TextureWidth: 1024
    m_TextureHeight: 1024
    m_BounceBoost: 1
    m_BounceIntensity: 1
    m_SkyLightColor: {r: .860000014, g: .930000007, b: 1, a: 1}
    m_SkyLightIntensity: 0
    m_Quality: 0
    m_Bounces: 1
    m_FinalGatherRays: 1000
    m_FinalGatherContrastThreshold: .0500000007
    m_FinalGatherGradientThreshold: 0
    m_FinalGatherInterpolationPoints: 15
    m_AOAmount: 0
    m_AOMaxDistance: .100000001
    m_AOContrast: 1
    m_LODSurfaceMappingDistance: 1
    m_Padding: 0
    m_TextureCompression: 0
    m_LockAtlas: 0
--- !u!196 &5
NavMeshSettings:
  m_ObjectHideFlags: 0
  m_BuildSettings:
    agentRadius: .5
    agentHeight: 2
    agentSlope: 45
    agentClimb: .400000006
    ledgeDropHeight: 0
    maxJumpAcrossDistance: 0
    accuratePlacement: 0
    minRegionArea: 2
    widthInaccuracy: 16.666666
    heightInaccuracy: 10
  m_NavMesh: {fileID: 0}
--- !u!1 &418309717
GameObject:
  m_ObjectHideFlags: 0
  m_PrefabParentObject: {fileID: 0}
  m_PrefabInternal: {fileID: 0}
  serializedVersion: 3
  m_Component:
  - 4: {fileID: 418309718}
  - 20: {fileID: 418309719}
  - 124: {fileID: 418309722}
  - 92: {fileID: 418309721}
  - 81: {fileID: 418309720}
  - 114: {fileID: 418309723}
  m_Layer: 0
  m_Name: Camera
  m_TagString: Untagged
  m_Icon: {fileID: 0}
  m_NavMeshLayer: 0
  m_StaticEditorFlags: 0
  m_IsActive: 1
--- !u!4 &418309718
Transform:
  m_ObjectHideFlags: 0
  m_PrefabParentObject: {fileID: 0}
  m_PrefabInternal: {fileID: 0}
  m_GameObject: {fileID: 418309717}
  m_LocalRotation: {x: 0, y: 0, z: 0, w: 1}
  m_LocalPosition: {x: -.00167322159, y: .0826983452, z: -2.54211283}
  m_LocalScale: {x: 1, y: 1, z: 1}
  m_Children: []
  m_Father: {fileID: 0}
--- !u!20 &418309719
Camera:
  m_ObjectHideFlags: 0
  m_PrefabParentObject: {fileID: 0}
  m_PrefabInternal: {fileID: 0}
  m_GameObject: {fileID: 418309717}
  m_Enabled: 1
  serializedVersion: 2
  m_ClearFlags: 1
  m_BackGroundColor: {r: .192156866, g: .301960796, b: .474509805, a: .0196078438}
  m_NormalizedViewPortRect:
    serializedVersion: 2
    x: 0
    y: 0
    width: 1
    height: 1
  near clip plane: .300000012
  far clip plane: 1000
  field of view: 60
  orthographic: 0
  orthographic size: 100
  m_Depth: 0
  m_CullingMask:
    serializedVersion: 2
    m_Bits: 4294967295
  m_RenderingPath: -1
  m_TargetTexture: {fileID: 0}
  m_HDR: 0
--- !u!81 &418309720
AudioListener:
  m_ObjectHideFlags: 0
  m_PrefabParentObject: {fileID: 0}
  m_PrefabInternal: {fileID: 0}
  m_GameObject: {fileID: 418309717}
  m_Enabled: 1
--- !u!92 &418309721
Behaviour:
  m_ObjectHideFlags: 0
  m_PrefabParentObject: {fileID: 0}
  m_PrefabInternal: {fileID: 0}
  m_GameObject: {fileID: 418309717}
  m_Enabled: 1
--- !u!124 &418309722
Behaviour:
  m_ObjectHideFlags: 0
  m_PrefabParentObject: {fileID: 0}
  m_PrefabInternal: {fileID: 0}
  m_GameObject: {fileID: 418309717}
  m_Enabled: 1
--- !u!114 &418309723
MonoBehaviour:
  m_ObjectHideFlags: 0
  m_PrefabParentObject: {fileID: 0}
  m_PrefabInternal: {fileID: 0}
  m_GameObject: {fileID: 418309717}
  m_Enabled: 1
  m_EditorHideFlags: 0
  m_Script: {fileID: 11500000, guid: cae9fe4bb775bb94688e50c0d8369993, type: 1}
  m_Name: 
  m_NoGarbageBlurShader: {fileID: 4800000, guid: 08541fc9424999e4e9c33f3abde31695,
    type: 1}
  m_BlurShader: {fileID: 4800000, guid: 1855d9636fad3914bacc4a543165c974, type: 1}
  m_CompositeShader: {fileID: 4800000, guid: e384de4389ba527479054baf0ddb1d3e, type: 1}
  m_GlowRenderShader: {fileID: 4800000, guid: c04b7cae8accdfb4e9c2648823ff39d7, type: 1}
  m_FSDSShader: {fileID: 4800000, guid: 5e0bed3484cd8444896fa5ed16482c6c, type: 1}
  m_GlowCurve: 1
  m_GlowRenderLayer:
    serializedVersion: 2
    m_Bits: 4294967295
  m_GlowResolution: 0
  m_ShowCutoutGlow: 0
  m_ShowTransparentGlow: 1
  m_GlowType: 0
  m_GlowQuality: 1
  m_FullScreenGlowTint: {r: 1, g: 1, b: 1, a: 0}
  m_BlurSpread: .349999994
  m_BlurIterations: 7
  m_GlowIntensity: .300000012
  m_BlurOffset: 0
  m_Samples: 2
--- !u!1 &981827861
GameObject:
  m_ObjectHideFlags: 0
  m_PrefabParentObject: {fileID: 0}
  m_PrefabInternal: {fileID: 0}
  serializedVersion: 3
  m_Component:
  - 4: {fileID: 981827862}
  - 108: {fileID: 981827863}
  m_Layer: 0
  m_Name: Directional light
  m_TagString: Untagged
  m_Icon: {fileID: 0}
  m_NavMeshLayer: 0
  m_StaticEditorFlags: 0
  m_IsActive: 1
--- !u!4 &981827862
Transform:
  m_ObjectHideFlags: 0
  m_PrefabParentObject: {fileID: 0}
  m_PrefabInternal: {fileID: 0}
  m_GameObject: {fileID: 981827861}
  m_LocalRotation: {x: .408217937, y: -.234569728, z: .109381661, w: .875426114}
  m_LocalPosition: {x: -.911042809, y: 1.2811017, z: .168006063}
  m_LocalScale: {x: 1, y: 1, z: 1}
  m_Children: []
  m_Father: {fileID: 0}
--- !u!108 &981827863
Light:
  m_ObjectHideFlags: 0
  m_PrefabParentObject: {fileID: 0}
  m_PrefabInternal: {fileID: 0}
  m_GameObject: {fileID: 981827861}
  m_Enabled: 1
  serializedVersion: 3
  m_Type: 1
  m_Color: {r: 1, g: .656716406, b: .656716406, a: 1}
  m_Intensity: .5
  m_Range: 10
  m_SpotAngle: 30
  m_CookieSize: 10
  m_Shadows:
    m_Type: 0
    m_Resolution: -1
    m_Strength: 1
    m_Bias: .0500000007
    m_Softness: 4
    m_SoftnessFade: 1
  m_Cookie: {fileID: 0}
  m_DrawHalo: 0
  m_ActuallyLightmapped: 0
  m_Flare: {fileID: 0}
  m_RenderMode: 0
  m_CullingMask:
    serializedVersion: 2
    m_Bits: 4294967295
  m_Lightmapping: 1
  m_ShadowSamples: 1
  m_ShadowRadius: 0
  m_ShadowAngle: 0
  m_IndirectIntensity: 1
  m_AreaSize: {x: 1, y: 1}
--- !u!1 &1079288423
GameObject:
  m_ObjectHideFlags: 0
  m_PrefabParentObject: {fileID: 100000, guid: d1f7035464365494a9ec64281ea70e9a, type: 3}
  m_PrefabInternal: {fileID: 2032285388}
  serializedVersion: 3
  m_Component:
  - 4: {fileID: 1079288424}
  - 33: {fileID: 1079288426}
  - 23: {fileID: 1079288425}
  m_Layer: 0
  m_Name: Object006
  m_TagString: Untagged
  m_Icon: {fileID: 0}
  m_NavMeshLayer: 0
  m_StaticEditorFlags: 0
  m_IsActive: 1
--- !u!4 &1079288424
Transform:
  m_ObjectHideFlags: 0
  m_PrefabParentObject: {fileID: 400000, guid: d1f7035464365494a9ec64281ea70e9a, type: 3}
  m_PrefabInternal: {fileID: 2032285388}
  m_GameObject: {fileID: 1079288423}
  m_LocalRotation: {x: 8.14603425e-08, y: 0, z: 0, w: 1}
  m_LocalPosition: {x: 0, y: 0, z: 0}
  m_LocalScale: {x: 1, y: 1, z: 1}
  m_Children: []
  m_Father: {fileID: 1981838627}
--- !u!23 &1079288425
Renderer:
  m_ObjectHideFlags: 0
  m_PrefabParentObject: {fileID: 2300000, guid: d1f7035464365494a9ec64281ea70e9a,
    type: 3}
  m_PrefabInternal: {fileID: 2032285388}
  m_GameObject: {fileID: 1079288423}
  m_Enabled: 1
  m_CastShadows: 1
  m_ReceiveShadows: 1
  m_LightmapIndex: 255
  m_LightmapTilingOffset: {x: 1, y: 1, z: 0, w: 0}
  m_Materials:
  - {fileID: 2100000, guid: 3334895fdc60ef844a2455f98614111d, type: 2}
  m_SubsetIndices: 
  m_StaticBatchRoot: {fileID: 0}
  m_UseLightProbes: 0
  m_LightProbeAnchor: {fileID: 0}
  m_ScaleInLightmap: 1
--- !u!33 &1079288426
MeshFilter:
  m_ObjectHideFlags: 0
  m_PrefabParentObject: {fileID: 3300000, guid: d1f7035464365494a9ec64281ea70e9a,
    type: 3}
  m_PrefabInternal: {fileID: 2032285388}
  m_GameObject: {fileID: 1079288423}
  m_Mesh: {fileID: 4300002, guid: d1f7035464365494a9ec64281ea70e9a, type: 3}
--- !u!1 &1651123645
GameObject:
  m_ObjectHideFlags: 0
  m_PrefabParentObject: {fileID: 100002, guid: d1f7035464365494a9ec64281ea70e9a, type: 3}
  m_PrefabInternal: {fileID: 2032285388}
  serializedVersion: 3
  m_Component:
  - 4: {fileID: 1651123646}
  - 33: {fileID: 1651123648}
  - 23: {fileID: 1651123647}
  m_Layer: 0
  m_Name: Object005
  m_TagString: Untagged
  m_Icon: {fileID: 0}
  m_NavMeshLayer: 0
  m_StaticEditorFlags: 0
  m_IsActive: 1
--- !u!4 &1651123646
Transform:
  m_ObjectHideFlags: 0
  m_PrefabParentObject: {fileID: 400002, guid: d1f7035464365494a9ec64281ea70e9a, type: 3}
  m_PrefabInternal: {fileID: 2032285388}
  m_GameObject: {fileID: 1651123645}
  m_LocalRotation: {x: 8.14603425e-08, y: 0, z: 0, w: 1}
  m_LocalPosition: {x: 0, y: 0, z: 0}
  m_LocalScale: {x: 1, y: 1, z: 1}
  m_Children: []
  m_Father: {fileID: 1981838627}
--- !u!23 &1651123647
Renderer:
  m_ObjectHideFlags: 0
  m_PrefabParentObject: {fileID: 2300002, guid: d1f7035464365494a9ec64281ea70e9a,
    type: 3}
  m_PrefabInternal: {fileID: 2032285388}
  m_GameObject: {fileID: 1651123645}
  m_Enabled: 1
  m_CastShadows: 1
  m_ReceiveShadows: 1
  m_LightmapIndex: 255
  m_LightmapTilingOffset: {x: 1, y: 1, z: 0, w: 0}
  m_Materials:
  - {fileID: 2100000, guid: 3334895fdc60ef844a2455f98614111d, type: 2}
  m_SubsetIndices: 
  m_StaticBatchRoot: {fileID: 0}
  m_UseLightProbes: 0
  m_LightProbeAnchor: {fileID: 0}
  m_ScaleInLightmap: 1
--- !u!33 &1651123648
MeshFilter:
  m_ObjectHideFlags: 0
  m_PrefabParentObject: {fileID: 3300002, guid: d1f7035464365494a9ec64281ea70e9a,
    type: 3}
  m_PrefabInternal: {fileID: 2032285388}
  m_GameObject: {fileID: 1651123645}
  m_Mesh: {fileID: 4300000, guid: d1f7035464365494a9ec64281ea70e9a, type: 3}
--- !u!1 &1981838626
GameObject:
  m_ObjectHideFlags: 0
  m_PrefabParentObject: {fileID: 100004, guid: d1f7035464365494a9ec64281ea70e9a, type: 3}
  m_PrefabInternal: {fileID: 2032285388}
  serializedVersion: 3
  m_Component:
  - 4: {fileID: 1981838627}
  - 111: {fileID: 1981838628}
  m_Layer: 0
  m_Name: ST4_diban2
  m_TagString: Untagged
  m_Icon: {fileID: 0}
  m_NavMeshLayer: 0
  m_StaticEditorFlags: 0
  m_IsActive: 1
--- !u!4 &1981838627
Transform:
  m_ObjectHideFlags: 0
  m_PrefabParentObject: {fileID: 400004, guid: d1f7035464365494a9ec64281ea70e9a, type: 3}
  m_PrefabInternal: {fileID: 2032285388}
  m_GameObject: {fileID: 1981838626}
  m_LocalRotation: {x: -.707106829, y: 0, z: 0, w: .707106829}
  m_LocalPosition: {x: 0, y: 5.03083356e-06, z: 42.2016945}
  m_LocalScale: {x: 1, y: 1, z: 1}
  m_Children:
  - {fileID: 1651123646}
  - {fileID: 1079288424}
  m_Father: {fileID: 0}
--- !u!111 &1981838628
Animation:
  m_ObjectHideFlags: 0
  m_PrefabParentObject: {fileID: 11100000, guid: d1f7035464365494a9ec64281ea70e9a,
    type: 3}
  m_PrefabInternal: {fileID: 2032285388}
  m_GameObject: {fileID: 1981838626}
  m_Enabled: 1
  serializedVersion: 3
  m_Animation: {fileID: 0}
  m_Animations: []
  m_WrapMode: 0
  m_PlayAutomatically: 1
  m_AnimatePhysics: 0
  m_CullingType: 0
  m_UserAABB:
    m_Center: {x: 0, y: 0, z: 0}
    m_Extent: {x: 0, y: 0, z: 0}
--- !u!1001 &2032285388
Prefab:
  m_ObjectHideFlags: 0
  serializedVersion: 2
  m_Modification:
    m_TransformParent: {fileID: 0}
    m_Modifications:
    - target: {fileID: 400004, guid: d1f7035464365494a9ec64281ea70e9a, type: 3}
      propertyPath: m_LocalPosition.x
      value: 0
      objectReference: {fileID: 0}
    - target: {fileID: 400004, guid: d1f7035464365494a9ec64281ea70e9a, type: 3}
      propertyPath: m_LocalPosition.y
      value: 5.03083356e-06
      objectReference: {fileID: 0}
    - target: {fileID: 400004, guid: d1f7035464365494a9ec64281ea70e9a, type: 3}
      propertyPath: m_LocalPosition.z
      value: 42.2016945
      objectReference: {fileID: 0}
    - target: {fileID: 400004, guid: d1f7035464365494a9ec64281ea70e9a, type: 3}
      propertyPath: m_LocalRotation.x
      value: -.707106829
      objectReference: {fileID: 0}
    - target: {fileID: 400004, guid: d1f7035464365494a9ec64281ea70e9a, type: 3}
      propertyPath: m_LocalRotation.y
      value: 0
      objectReference: {fileID: 0}
    - target: {fileID: 400004, guid: d1f7035464365494a9ec64281ea70e9a, type: 3}
      propertyPath: m_LocalRotation.z
      value: 0
      objectReference: {fileID: 0}
    - target: {fileID: 400004, guid: d1f7035464365494a9ec64281ea70e9a, type: 3}
      propertyPath: m_LocalRotation.w
      value: .707106829
      objectReference: {fileID: 0}
    - target: {fileID: 2300000, guid: d1f7035464365494a9ec64281ea70e9a, type: 3}
      propertyPath: m_Materials.Array.data[0]
      value: 
      objectReference: {fileID: 2100000, guid: 3334895fdc60ef844a2455f98614111d, type: 2}
    - target: {fileID: 100000, guid: d1f7035464365494a9ec64281ea70e9a, type: 3}
      propertyPath: m_IsActive
      value: 1
      objectReference: {fileID: 0}
    - target: {fileID: 100004, guid: d1f7035464365494a9ec64281ea70e9a, type: 3}
      propertyPath: m_IsActive
      value: 1
      objectReference: {fileID: 0}
    - target: {fileID: 100002, guid: d1f7035464365494a9ec64281ea70e9a, type: 3}
      propertyPath: m_IsActive
      value: 1
      objectReference: {fileID: 0}
    - target: {fileID: 2300002, guid: d1f7035464365494a9ec64281ea70e9a, type: 3}
      propertyPath: m_Materials.Array.data[0]
      value: 
      objectReference: {fileID: 2100000, guid: 3334895fdc60ef844a2455f98614111d, type: 2}
    m_RemovedComponents: []
  m_ParentPrefab: {fileID: 100100000, guid: d1f7035464365494a9ec64281ea70e9a, type: 3}
  m_RootGameObject: {fileID: 1981838626}
  m_IsPrefabParent: 0
  m_IsExploded: 1
