%YAML 1.1
%TAG !u! tag:unity3d.com,2011:
--- !u!29 &1
Scene:
  m_ObjectHideFlags: 0
  m_PVSData: 
  m_QueryMode: 1
  m_PVSObjectsArray: []
  m_PVSPortalsArray: []
  m_OcclusionBakeSettings:
    viewCellSize: 1
    bakeMode: 2
    memoryUsage: 10485760
--- !u!104 &2
RenderSettings:
  m_Fog: 0
  m_FogColor: {r: .5, g: .5, b: .5, a: 1}
  m_FogMode: 3
  m_FogDensity: .00999999978
  m_LinearFogStart: 0
  m_LinearFogEnd: 300
  m_AmbientLight: {r: .200000003, g: .200000003, b: .200000003, a: 1}
  m_SkyboxMaterial: {fileID: 0}
  m_HaloStrength: .5
  m_FlareStrength: 1
  m_HaloTexture: {fileID: 0}
  m_SpotCookie: {fileID: 0}
  m_ObjectHideFlags: 0
--- !u!127 &3
GameManager:
  m_ObjectHideFlags: 0
--- !u!157 &4
LightmapSettings:
  m_ObjectHideFlags: 0
  m_LightProbes: {fileID: 0}
  m_Lightmaps: []
  m_LightmapsMode: 1
  m_BakedColorSpace: 0
  m_UseDualLightmapsInForward: 0
  m_LightmapEditorSettings:
    m_Resolution: 50
    m_LastUsedResolution: 0
    m_TextureWidth: 1024
    m_TextureHeight: 1024
    m_BounceBoost: 1
    m_BounceIntensity: 1
    m_SkyLightColor: {r: .860000014, g: .930000007, b: 1, a: 1}
    m_SkyLightIntensity: 0
    m_Quality: 0
    m_Bounces: 1
    m_FinalGatherRays: 1000
    m_FinalGatherContrastThreshold: .0500000007
    m_FinalGatherGradientThreshold: 0
    m_FinalGatherInterpolationPoints: 15
    m_AOAmount: 0
    m_AOMaxDistance: .100000001
    m_AOContrast: 1
    m_LODSurfaceMappingDistance: 1
    m_Padding: 0
    m_TextureCompression: 0
    m_LockAtlas: 0
--- !u!196 &5
NavMeshSettings:
  m_ObjectHideFlags: 0
  m_BuildSettings:
    agentRadius: .5
    agentHeight: 2
    agentSlope: 45
    agentClimb: .400000006
    ledgeDropHeight: 0
    maxJumpAcrossDistance: 0
    accuratePlacement: 0
    minRegionArea: 2
    widthInaccuracy: 16.666666
    heightInaccuracy: 10
  m_NavMesh: {fileID: 0}
--- !u!1 &69433242
GameObject:
  m_ObjectHideFlags: 0
  m_PrefabParentObject: {fileID: 0}
  m_PrefabInternal: {fileID: 0}
  serializedVersion: 3
  m_Component:
  - 4: {fileID: 69433243}
  - 33: {fileID: 69433245}
  - 65: {fileID: 69433246}
  - 23: {fileID: 69433244}
  m_Layer: 0
  m_Name: Cube2
  m_TagString: Untagged
  m_Icon: {fileID: 0}
  m_NavMeshLayer: 0
  m_StaticEditorFlags: 0
  m_IsActive: 1
--- !u!4 &69433243
Transform:
  m_ObjectHideFlags: 0
  m_PrefabParentObject: {fileID: 0}
  m_PrefabInternal: {fileID: 0}
  m_GameObject: {fileID: 69433242}
  m_LocalRotation: {x: 0, y: 0, z: 0, w: 1}
  m_LocalPosition: {x: -11.71, y: -9.93000031, z: 29.75}
  m_LocalScale: {x: 1, y: 3.58999991, z: 1}
  m_Children: []
  m_Father: {fileID: 0}
--- !u!23 &69433244
Renderer:
  m_ObjectHideFlags: 0
  m_PrefabParentObject: {fileID: 0}
  m_PrefabInternal: {fileID: 0}
  m_GameObject: {fileID: 69433242}
  m_Enabled: 1
  m_CastShadows: 1
  m_ReceiveShadows: 1
  m_LightmapIndex: 255
  m_LightmapTilingOffset: {x: 1, y: 1, z: 0, w: 0}
  m_Materials:
  - {fileID: 2100000, guid: d84b184791d3ebe4ab60ebb5476dd216, type: 2}
  m_SubsetIndices: 
  m_StaticBatchRoot: {fileID: 0}
  m_UseLightProbes: 0
  m_LightProbeAnchor: {fileID: 0}
  m_ScaleInLightmap: 1
--- !u!33 &69433245
MeshFilter:
  m_ObjectHideFlags: 0
  m_PrefabParentObject: {fileID: 0}
  m_PrefabInternal: {fileID: 0}
  m_GameObject: {fileID: 69433242}
  m_Mesh: {fileID: 10202, guid: 0000000000000000e000000000000000, type: 0}
--- !u!65 &69433246
BoxCollider:
  m_ObjectHideFlags: 0
  m_PrefabParentObject: {fileID: 0}
  m_PrefabInternal: {fileID: 0}
  m_GameObject: {fileID: 69433242}
  m_Material: {fileID: 0}
  m_IsTrigger: 0
  m_Enabled: 1
  serializedVersion: 2
  m_Size: {x: 1, y: 1, z: 1}
  m_Center: {x: 0, y: 0, z: 0}
--- !u!1 &575244469
GameObject:
  m_ObjectHideFlags: 0
  m_PrefabParentObject: {fileID: 100002, guid: b19841f7af95242b6a62b4b0bbb18a2b, type: 3}
  m_PrefabInternal: {fileID: 1921974592}
  serializedVersion: 3
  m_Component:
  - 4: {fileID: 575244470}
  - 33: {fileID: 575244472}
  - 23: {fileID: 575244471}
  - 111: {fileID: 575244473}
  m_Layer: 0
  m_Name: moon
  m_TagString: Untagged
  m_Icon: {fileID: 0}
  m_NavMeshLayer: 0
  m_StaticEditorFlags: 0
  m_IsActive: 1
--- !u!4 &575244470
Transform:
  m_ObjectHideFlags: 0
  m_PrefabParentObject: {fileID: 400002, guid: b19841f7af95242b6a62b4b0bbb18a2b, type: 3}
  m_PrefabInternal: {fileID: 1921974592}
  m_GameObject: {fileID: 575244469}
  m_LocalRotation: {x: -.231173873, y: .112259813, z: -.0872225463, w: -.962470055}
  m_LocalPosition: {x: 2.5, y: 4.19999981, z: 14.1000004}
  m_LocalScale: {x: 3.37958789, y: 3.37958503, z: 3.37958503}
  m_Children: []
  m_Father: {fileID: 0}
--- !u!23 &575244471
Renderer:
  m_ObjectHideFlags: 0
  m_PrefabParentObject: {fileID: 2300002, guid: b19841f7af95242b6a62b4b0bbb18a2b,
    type: 3}
  m_PrefabInternal: {fileID: 1921974592}
  m_GameObject: {fileID: 575244469}
  m_Enabled: 1
  m_CastShadows: 1
  m_ReceiveShadows: 1
  m_LightmapIndex: 255
  m_LightmapTilingOffset: {x: 1, y: 1, z: 0, w: 0}
  m_Materials:
  - {fileID: 2100000, guid: 0882c8d0d0b368f4ab246e757e50e963, type: 2}
  m_SubsetIndices: 
  m_StaticBatchRoot: {fileID: 0}
  m_UseLightProbes: 0
  m_LightProbeAnchor: {fileID: 0}
  m_ScaleInLightmap: 1
--- !u!33 &575244472
MeshFilter:
  m_ObjectHideFlags: 0
  m_PrefabParentObject: {fileID: 3300002, guid: b19841f7af95242b6a62b4b0bbb18a2b,
    type: 3}
  m_PrefabInternal: {fileID: 1921974592}
  m_GameObject: {fileID: 575244469}
  m_Mesh: {fileID: 4300000, guid: b19841f7af95242b6a62b4b0bbb18a2b, type: 3}
--- !u!111 &575244473
Animation:
  m_ObjectHideFlags: 0
  m_PrefabParentObject: {fileID: 11100000, guid: b19841f7af95242b6a62b4b0bbb18a2b,
    type: 3}
  m_PrefabInternal: {fileID: 1921974592}
  m_GameObject: {fileID: 575244469}
  m_Enabled: 1
  serializedVersion: 3
  m_Animation: {fileID: 0}
  m_Animations: []
  m_WrapMode: 0
  m_PlayAutomatically: 1
  m_AnimatePhysics: 0
  m_CullingType: 0
  m_UserAABB:
    m_Center: {x: 0, y: 0, z: 0}
    m_Extent: {x: 0, y: 0, z: 0}
--- !u!1 &674214679
GameObject:
  m_ObjectHideFlags: 0
  m_PrefabParentObject: {fileID: 0}
  m_PrefabInternal: {fileID: 0}
  serializedVersion: 3
  m_Component:
  - 4: {fileID: 674214680}
  - 20: {fileID: 674214681}
  - 114: {fileID: 674214682}
  - 114: {fileID: 674214683}
  - 114: {fileID: 674214684}
  - 114: {fileID: 674214685}
  m_Layer: 0
  m_Name: Main Camera
  m_TagString: MainCamera
  m_Icon: {fileID: 0}
  m_NavMeshLayer: 0
  m_StaticEditorFlags: 0
  m_IsActive: 1
--- !u!4 &674214680
Transform:
  m_ObjectHideFlags: 0
  m_PrefabParentObject: {fileID: 0}
  m_PrefabInternal: {fileID: 0}
  m_GameObject: {fileID: 674214679}
  m_LocalRotation: {x: -.232050061, y: .189302444, z: -.0460944735, w: -.952991426}
  m_LocalPosition: {x: 2.5, y: 3.4000001, z: -6}
  m_LocalScale: {x: 1, y: 1, z: 1}
  m_Children:
  - {fileID: 1999889122}
  m_Father: {fileID: 0}
--- !u!20 &674214681
Camera:
  m_ObjectHideFlags: 0
  m_PrefabParentObject: {fileID: 0}
  m_PrefabInternal: {fileID: 0}
  m_GameObject: {fileID: 674214679}
  m_Enabled: 1
  serializedVersion: 2
  m_ClearFlags: 1
  m_BackGroundColor: {r: .411764711, g: .435294122, b: .694117665, a: .0196078438}
  m_NormalizedViewPortRect:
    serializedVersion: 2
    x: 0
    y: 0
    width: 1
    height: 1
  near clip plane: .300000012
  far clip plane: 1000
  field of view: 60
  orthographic: 1
  orthographic size: 13
  m_Depth: -1
  m_CullingMask:
    serializedVersion: 2
    m_Bits: 4294967295
  m_RenderingPath: -1
  m_TargetTexture: {fileID: 0}
  m_HDR: 0
--- !u!114 &674214682
MonoBehaviour:
  m_ObjectHideFlags: 0
  m_PrefabParentObject: {fileID: 0}
  m_PrefabInternal: {fileID: 0}
  m_GameObject: {fileID: 674214679}
  m_Enabled: 0
  m_EditorHideFlags: 0
  m_Script: {fileID: 11500000, guid: 61d30c51d6e8f479e9a211b3aba23641, type: 1}
  m_Name: 
  bloomColor: {r: 1, g: 1, b: 1, a: 1}
  threshold: .50999999
  intensity: .233999997
  resolution: 1
  blurIterations: 2
  material: {fileID: 2100000, guid: 83e399afe9f54c24a8b84620dbc5e82a, type: 2}
--- !u!114 &674214683
MonoBehaviour:
  m_ObjectHideFlags: 0
  m_PrefabParentObject: {fileID: 0}
  m_PrefabInternal: {fileID: 0}
  m_GameObject: {fileID: 674214679}
  m_Enabled: 0
  m_EditorHideFlags: 0
  m_Script: {fileID: 11500000, guid: d7d75a7a1e2fb401bb98f2bd9723a119, type: 1}
  m_Name: 
  blendMode: 5
  blendIntensity: .074000001
  vignetteIntensity: .0799999982
  vignetteMaxValue: .200000003
  gradientTexture: {fileID: 2800000, guid: 7a41f26ecc09440019890b32b89dfe72, type: 1}
  material: {fileID: 2100000, guid: 2ee3c876ae0d0a6428c4de47d53560c5, type: 2}
--- !u!114 &674214684
MonoBehaviour:
  m_ObjectHideFlags: 0
  m_PrefabParentObject: {fileID: 0}
  m_PrefabInternal: {fileID: 0}
  m_GameObject: {fileID: 674214679}
  m_Enabled: 1
  m_EditorHideFlags: 0
  m_Script: {fileID: 11500000, guid: 967784d4a6f084aeaa60a61cc3b74912, type: 1}
  m_Name: 
  textColor: {r: 1, g: 1, b: 1, a: 1}
--- !u!114 &674214685
MonoBehaviour:
  m_ObjectHideFlags: 0
  m_PrefabParentObject: {fileID: 0}
  m_PrefabInternal: {fileID: 0}
  m_GameObject: {fileID: 674214679}
  m_Enabled: 0
  m_EditorHideFlags: 0
  m_Script: {fileID: 11500000, guid: a8f94d4bbffbb45f688c032f8db6d450, type: 1}
  m_Name: 
--- !u!1 &779896192
GameObject:
  m_ObjectHideFlags: 0
  m_PrefabParentObject: {fileID: 100002, guid: 549f12eed2ff0451f9d8e5360610236c, type: 3}
  m_PrefabInternal: {fileID: 830236786}
  serializedVersion: 3
  m_Component:
  - 4: {fileID: 779896193}
  - 33: {fileID: 779896195}
  - 23: {fileID: 779896194}
  - 111: {fileID: 779896196}
  m_Layer: 0
  m_Name: building_tree
  m_TagString: Untagged
  m_Icon: {fileID: 0}
  m_NavMeshLayer: 0
  m_StaticEditorFlags: 0
  m_IsActive: 1
--- !u!4 &779896193
Transform:
  m_ObjectHideFlags: 0
  m_PrefabParentObject: {fileID: 400002, guid: 549f12eed2ff0451f9d8e5360610236c, type: 3}
  m_PrefabInternal: {fileID: 830236786}
  m_GameObject: {fileID: 779896192}
  m_LocalRotation: {x: 0, y: .304360867, z: 0, w: .952556849}
  m_LocalPosition: {x: -.1330944, y: -5.89120007, z: -.0140857697}
  m_LocalScale: {x: 3.17513299, y: 4.08699989, z: 3.17513108}
  m_Children: []
  m_Father: {fileID: 1315946997}
--- !u!23 &779896194
Renderer:
  m_ObjectHideFlags: 0
  m_PrefabParentObject: {fileID: 2300002, guid: 549f12eed2ff0451f9d8e5360610236c,
    type: 3}
  m_PrefabInternal: {fileID: 830236786}
  m_GameObject: {fileID: 779896192}
  m_Enabled: 1
  m_CastShadows: 1
  m_ReceiveShadows: 1
  m_LightmapIndex: 255
  m_LightmapTilingOffset: {x: 1, y: 1, z: 0, w: 0}
  m_Materials:
  - {fileID: 2100000, guid: d84b184791d3ebe4ab60ebb5476dd216, type: 2}
  m_SubsetIndices: 
  m_StaticBatchRoot: {fileID: 0}
  m_UseLightProbes: 0
  m_LightProbeAnchor: {fileID: 0}
  m_ScaleInLightmap: 1
--- !u!33 &779896195
MeshFilter:
  m_ObjectHideFlags: 0
  m_PrefabParentObject: {fileID: 3300002, guid: 549f12eed2ff0451f9d8e5360610236c,
    type: 3}
  m_PrefabInternal: {fileID: 830236786}
  m_GameObject: {fileID: 779896192}
  m_Mesh: {fileID: 4300002, guid: 549f12eed2ff0451f9d8e5360610236c, type: 3}
--- !u!111 &779896196
Animation:
  m_ObjectHideFlags: 0
  m_PrefabParentObject: {fileID: 11100000, guid: 549f12eed2ff0451f9d8e5360610236c,
    type: 3}
  m_PrefabInternal: {fileID: 830236786}
  m_GameObject: {fileID: 779896192}
  m_Enabled: 1
  serializedVersion: 3
  m_Animation: {fileID: 0}
  m_Animations: []
  m_WrapMode: 0
  m_PlayAutomatically: 1
  m_AnimatePhysics: 0
  m_CullingType: 0
  m_UserAABB:
    m_Center: {x: 0, y: 0, z: 0}
    m_Extent: {x: 0, y: 0, z: 0}
--- !u!1001 &830236786
Prefab:
  m_ObjectHideFlags: 0
  serializedVersion: 2
  m_Modification:
    m_TransformParent: {fileID: 1315946997}
    m_Modifications:
    - target: {fileID: 400002, guid: 549f12eed2ff0451f9d8e5360610236c, type: 3}
      propertyPath: m_LocalPosition.x
      value: -.1330944
      objectReference: {fileID: 0}
    - target: {fileID: 400002, guid: 549f12eed2ff0451f9d8e5360610236c, type: 3}
      propertyPath: m_LocalPosition.y
      value: -5.89120007
      objectReference: {fileID: 0}
    - target: {fileID: 400002, guid: 549f12eed2ff0451f9d8e5360610236c, type: 3}
      propertyPath: m_LocalPosition.z
      value: -.0140857697
      objectReference: {fileID: 0}
    - target: {fileID: 400002, guid: 549f12eed2ff0451f9d8e5360610236c, type: 3}
      propertyPath: m_LocalRotation.x
      value: 0
      objectReference: {fileID: 0}
    - target: {fileID: 400002, guid: 549f12eed2ff0451f9d8e5360610236c, type: 3}
      propertyPath: m_LocalRotation.y
      value: .304360867
      objectReference: {fileID: 0}
    - target: {fileID: 400002, guid: 549f12eed2ff0451f9d8e5360610236c, type: 3}
      propertyPath: m_LocalRotation.z
      value: 0
      objectReference: {fileID: 0}
    - target: {fileID: 400002, guid: 549f12eed2ff0451f9d8e5360610236c, type: 3}
      propertyPath: m_LocalRotation.w
      value: .952556849
      objectReference: {fileID: 0}
    - target: {fileID: 400002, guid: 549f12eed2ff0451f9d8e5360610236c, type: 3}
      propertyPath: m_LocalScale.x
      value: 3.17513299
      objectReference: {fileID: 0}
    - target: {fileID: 400002, guid: 549f12eed2ff0451f9d8e5360610236c, type: 3}
      propertyPath: m_LocalScale.z
      value: 3.17513108
      objectReference: {fileID: 0}
    - target: {fileID: 400002, guid: 549f12eed2ff0451f9d8e5360610236c, type: 3}
      propertyPath: m_LocalScale.y
      value: 4.08699989
      objectReference: {fileID: 0}
    - target: {fileID: 2300002, guid: 549f12eed2ff0451f9d8e5360610236c, type: 3}
      propertyPath: m_Materials.Array.data[0]
      value: 
      objectReference: {fileID: 2100000, guid: d84b184791d3ebe4ab60ebb5476dd216, type: 2}
    m_RemovedComponents: []
  m_ParentPrefab: {fileID: 100100000, guid: 549f12eed2ff0451f9d8e5360610236c, type: 3}
  m_RootGameObject: {fileID: 779896192}
  m_IsPrefabParent: 0
  m_IsExploded: 1
--- !u!1 &1045420430
GameObject:
  m_ObjectHideFlags: 0
  m_PrefabParentObject: {fileID: 100022, guid: 73580e0fd4ae6414ba3f34a5fa1e6ae9, type: 3}
  m_PrefabInternal: {fileID: 1791055447}
  serializedVersion: 3
  m_Component:
  - 4: {fileID: 1045420431}
  - 33: {fileID: 1045420433}
  - 23: {fileID: 1045420432}
  - 111: {fileID: 1045420434}
  m_Layer: 0
  m_Name: island
  m_TagString: Untagged
  m_Icon: {fileID: 0}
  m_NavMeshLayer: 0
  m_StaticEditorFlags: 0
  m_IsActive: 1
--- !u!4 &1045420431
Transform:
  m_ObjectHideFlags: 0
  m_PrefabParentObject: {fileID: 400022, guid: 73580e0fd4ae6414ba3f34a5fa1e6ae9, type: 3}
  m_PrefabInternal: {fileID: 1791055447}
  m_GameObject: {fileID: 1045420430}
  m_LocalRotation: {x: .70698452, y: 0, z: 0, w: -.707229018}
  m_LocalPosition: {x: -0, y: -10, z: 0}
  m_LocalScale: {x: 2.04999995, y: 1.38999999, z: .649999976}
  m_Children: []
  m_Father: {fileID: 0}
--- !u!23 &1045420432
Renderer:
  m_ObjectHideFlags: 0
  m_PrefabParentObject: {fileID: 2300022, guid: 73580e0fd4ae6414ba3f34a5fa1e6ae9,
    type: 3}
  m_PrefabInternal: {fileID: 1791055447}
  m_GameObject: {fileID: 1045420430}
  m_Enabled: 1
  m_CastShadows: 1
  m_ReceiveShadows: 1
  m_LightmapIndex: 255
  m_LightmapTilingOffset: {x: 1, y: 1, z: 0, w: 0}
  m_Materials:
  - {fileID: 2100000, guid: d84b184791d3ebe4ab60ebb5476dd216, type: 2}
  m_SubsetIndices: 
  m_StaticBatchRoot: {fileID: 0}
  m_UseLightProbes: 0
  m_LightProbeAnchor: {fileID: 0}
  m_ScaleInLightmap: 1
--- !u!33 &1045420433
MeshFilter:
  m_ObjectHideFlags: 0
  m_PrefabParentObject: {fileID: 3300022, guid: 73580e0fd4ae6414ba3f34a5fa1e6ae9,
    type: 3}
  m_PrefabInternal: {fileID: 1791055447}
  m_GameObject: {fileID: 1045420430}
  m_Mesh: {fileID: 4300000, guid: 73580e0fd4ae6414ba3f34a5fa1e6ae9, type: 3}
--- !u!111 &1045420434
Animation:
  m_ObjectHideFlags: 0
  m_PrefabParentObject: {fileID: 11100000, guid: 73580e0fd4ae6414ba3f34a5fa1e6ae9,
    type: 3}
  m_PrefabInternal: {fileID: 1791055447}
  m_GameObject: {fileID: 1045420430}
  m_Enabled: 1
  serializedVersion: 3
  m_Animation: {fileID: 0}
  m_Animations: []
  m_WrapMode: 0
  m_PlayAutomatically: 1
  m_AnimatePhysics: 0
  m_CullingType: 0
  m_UserAABB:
    m_Center: {x: 0, y: 0, z: 0}
    m_Extent: {x: 0, y: 0, z: 0}
--- !u!1 &1048269590
GameObject:
  m_ObjectHideFlags: 0
  m_PrefabParentObject: {fileID: 0}
  m_PrefabInternal: {fileID: 0}
  serializedVersion: 3
  m_Component:
  - 4: {fileID: 1048269591}
  - 33: {fileID: 1048269593}
  - 65: {fileID: 1048269594}
  - 23: {fileID: 1048269592}
  m_Layer: 0
  m_Name: Cube
  m_TagString: Untagged
  m_Icon: {fileID: 0}
  m_NavMeshLayer: 0
  m_StaticEditorFlags: 0
  m_IsActive: 0
--- !u!4 &1048269591
Transform:
  m_ObjectHideFlags: 0
  m_PrefabParentObject: {fileID: 0}
  m_PrefabInternal: {fileID: 0}
  m_GameObject: {fileID: 1048269590}
  m_LocalRotation: {x: 0, y: .342020124, z: 0, w: .939692616}
  m_LocalPosition: {x: 0, y: 0, z: 0}
  m_LocalScale: {x: 1, y: 1, z: 1}
  m_Children: []
  m_Father: {fileID: 0}
--- !u!23 &1048269592
Renderer:
  m_ObjectHideFlags: 0
  m_PrefabParentObject: {fileID: 0}
  m_PrefabInternal: {fileID: 0}
  m_GameObject: {fileID: 1048269590}
  m_Enabled: 1
  m_CastShadows: 1
  m_ReceiveShadows: 1
  m_LightmapIndex: 255
  m_LightmapTilingOffset: {x: 1, y: 1, z: 0, w: 0}
  m_Materials:
  - {fileID: 2100000, guid: 50c75306de97e4e49a22eacde9b61dd3, type: 2}
  m_SubsetIndices: 
  m_StaticBatchRoot: {fileID: 0}
  m_UseLightProbes: 0
  m_LightProbeAnchor: {fileID: 0}
  m_ScaleInLightmap: 1
--- !u!33 &1048269593
MeshFilter:
  m_ObjectHideFlags: 0
  m_PrefabParentObject: {fileID: 0}
  m_PrefabInternal: {fileID: 0}
  m_GameObject: {fileID: 1048269590}
  m_Mesh: {fileID: 10202, guid: 0000000000000000e000000000000000, type: 0}
--- !u!65 &1048269594
BoxCollider:
  m_ObjectHideFlags: 0
  m_PrefabParentObject: {fileID: 0}
  m_PrefabInternal: {fileID: 0}
  m_GameObject: {fileID: 1048269590}
  m_Material: {fileID: 0}
  m_IsTrigger: 0
  m_Enabled: 1
  serializedVersion: 2
  m_Size: {x: 1, y: 1, z: 1}
  m_Center: {x: 0, y: 0, z: 0}
--- !u!1 &1147161913
GameObject:
  m_ObjectHideFlags: 0
  m_PrefabParentObject: {fileID: 0}
  m_PrefabInternal: {fileID: 0}
  serializedVersion: 3
  m_Component:
  - 4: {fileID: 1147161914}
  - 33: {fileID: 1147161916}
  - 65: {fileID: 1147161917}
  - 23: {fileID: 1147161915}
  m_Layer: 0
  m_Name: Cube1
  m_TagString: Untagged
  m_Icon: {fileID: 0}
  m_NavMeshLayer: 0
  m_StaticEditorFlags: 0
  m_IsActive: 1
--- !u!4 &1147161914
Transform:
  m_ObjectHideFlags: 0
  m_PrefabParentObject: {fileID: 0}
  m_PrefabInternal: {fileID: 0}
  m_GameObject: {fileID: 1147161913}
  m_LocalRotation: {x: 0, y: 0, z: 0, w: 1}
  m_LocalPosition: {x: -11.71, y: -9.63000011, z: 17.9300003}
  m_LocalScale: {x: 1, y: 1, z: 1}
  m_Children: []
  m_Father: {fileID: 0}
--- !u!23 &1147161915
Renderer:
  m_ObjectHideFlags: 0
  m_PrefabParentObject: {fileID: 0}
  m_PrefabInternal: {fileID: 0}
  m_GameObject: {fileID: 1147161913}
  m_Enabled: 1
  m_CastShadows: 1
  m_ReceiveShadows: 1
  m_LightmapIndex: 255
  m_LightmapTilingOffset: {x: 1, y: 1, z: 0, w: 0}
  m_Materials:
  - {fileID: 2100000, guid: d84b184791d3ebe4ab60ebb5476dd216, type: 2}
  m_SubsetIndices: 
  m_StaticBatchRoot: {fileID: 0}
  m_UseLightProbes: 0
  m_LightProbeAnchor: {fileID: 0}
  m_ScaleInLightmap: 1
--- !u!33 &1147161916
MeshFilter:
  m_ObjectHideFlags: 0
  m_PrefabParentObject: {fileID: 0}
  m_PrefabInternal: {fileID: 0}
  m_GameObject: {fileID: 1147161913}
  m_Mesh: {fileID: 10202, guid: 0000000000000000e000000000000000, type: 0}
--- !u!65 &1147161917
BoxCollider:
  m_ObjectHideFlags: 0
  m_PrefabParentObject: {fileID: 0}
  m_PrefabInternal: {fileID: 0}
  m_GameObject: {fileID: 1147161913}
  m_Material: {fileID: 0}
  m_IsTrigger: 0
  m_Enabled: 1
  serializedVersion: 2
  m_Size: {x: 1, y: 1, z: 1}
  m_Center: {x: 0, y: 0, z: 0}
--- !u!1 &1315946996
GameObject:
  m_ObjectHideFlags: 0
  m_PrefabParentObject: {fileID: 0}
  m_PrefabInternal: {fileID: 0}
  serializedVersion: 3
  m_Component:
  - 4: {fileID: 1315946997}
  m_Layer: 0
  m_Name: tree
  m_TagString: Untagged
  m_Icon: {fileID: 0}
  m_NavMeshLayer: 0
  m_StaticEditorFlags: 0
  m_IsActive: 1
--- !u!4 &1315946997
Transform:
  m_ObjectHideFlags: 0
  m_PrefabParentObject: {fileID: 0}
  m_PrefabInternal: {fileID: 0}
  m_GameObject: {fileID: 1315946996}
  m_LocalRotation: {x: 0, y: .304360867, z: 0, w: .952556849}
  m_LocalPosition: {x: -.320479989, y: -3.80999994, z: .039255999}
  m_LocalScale: {x: .621715784, y: .621715784, z: .621715784}
  m_Children:
  - {fileID: 779896193}
  m_Father: {fileID: 0}
--- !u!1 &1516787673
GameObject:
  m_ObjectHideFlags: 0
  m_PrefabParentObject: {fileID: 0}
  m_PrefabInternal: {fileID: 0}
  serializedVersion: 3
  m_Component:
  - 4: {fileID: 1516787674}
  - 108: {fileID: 1516787675}
  m_Layer: 0
  m_Name: Directional light
  m_TagString: Untagged
  m_Icon: {fileID: 0}
  m_NavMeshLayer: 0
  m_StaticEditorFlags: 0
  m_IsActive: 1
--- !u!4 &1516787674
Transform:
  m_ObjectHideFlags: 0
  m_PrefabParentObject: {fileID: 0}
  m_PrefabInternal: {fileID: 0}
  m_GameObject: {fileID: 1516787673}
  m_LocalRotation: {x: .408217937, y: -.234569728, z: .109381661, w: .875426114}
  m_LocalPosition: {x: -.00022983551, y: -.00071144104, z: .000586509705}
  m_LocalScale: {x: 1, y: 1, z: 1}
  m_Children: []
  m_Father: {fileID: 0}
--- !u!108 &1516787675
Light:
  m_ObjectHideFlags: 0
  m_PrefabParentObject: {fileID: 0}
  m_PrefabInternal: {fileID: 0}
  m_GameObject: {fileID: 1516787673}
  m_Enabled: 1
  serializedVersion: 3
  m_Type: 1
  m_Color: {r: 1, g: 1, b: 1, a: 1}
  m_Intensity: 1
  m_Range: 10
  m_SpotAngle: 30
  m_CookieSize: 10
  m_Shadows:
    m_Type: 0
    m_Resolution: -1
    m_Strength: 1
    m_Bias: .0500000007
    m_Softness: 4
    m_SoftnessFade: 1
  m_Cookie: {fileID: 0}
  m_DrawHalo: 0
  m_ActuallyLightmapped: 0
  m_Flare: {fileID: 0}
  m_RenderMode: 0
  m_CullingMask:
    serializedVersion: 2
    m_Bits: 4294967295
  m_Lightmapping: 1
  m_ShadowSamples: 1
  m_ShadowRadius: 0
  m_ShadowAngle: 0
  m_IndirectIntensity: 1
  m_AreaSize: {x: 1, y: 1}
--- !u!1001 &1791055447
Prefab:
  m_ObjectHideFlags: 0
  serializedVersion: 2
  m_Modification:
    m_TransformParent: {fileID: 0}
    m_Modifications:
    - target: {fileID: 400022, guid: 73580e0fd4ae6414ba3f34a5fa1e6ae9, type: 3}
      propertyPath: m_LocalPosition.x
      value: -0
      objectReference: {fileID: 0}
    - target: {fileID: 400022, guid: 73580e0fd4ae6414ba3f34a5fa1e6ae9, type: 3}
      propertyPath: m_LocalPosition.y
      value: -10
      objectReference: {fileID: 0}
    - target: {fileID: 400022, guid: 73580e0fd4ae6414ba3f34a5fa1e6ae9, type: 3}
      propertyPath: m_LocalPosition.z
      value: 0
      objectReference: {fileID: 0}
    - target: {fileID: 400022, guid: 73580e0fd4ae6414ba3f34a5fa1e6ae9, type: 3}
      propertyPath: m_LocalRotation.x
      value: .70698452
      objectReference: {fileID: 0}
    - target: {fileID: 400022, guid: 73580e0fd4ae6414ba3f34a5fa1e6ae9, type: 3}
      propertyPath: m_LocalRotation.y
      value: 0
      objectReference: {fileID: 0}
    - target: {fileID: 400022, guid: 73580e0fd4ae6414ba3f34a5fa1e6ae9, type: 3}
      propertyPath: m_LocalRotation.z
      value: 0
      objectReference: {fileID: 0}
    - target: {fileID: 400022, guid: 73580e0fd4ae6414ba3f34a5fa1e6ae9, type: 3}
      propertyPath: m_LocalRotation.w
      value: -.707229018
      objectReference: {fileID: 0}
    - target: {fileID: 400022, guid: 73580e0fd4ae6414ba3f34a5fa1e6ae9, type: 3}
      propertyPath: m_LocalScale.x
      value: 2.04999995
      objectReference: {fileID: 0}
    - target: {fileID: 400022, guid: 73580e0fd4ae6414ba3f34a5fa1e6ae9, type: 3}
      propertyPath: m_LocalScale.y
      value: 1.38999999
      objectReference: {fileID: 0}
    - target: {fileID: 400022, guid: 73580e0fd4ae6414ba3f34a5fa1e6ae9, type: 3}
      propertyPath: m_LocalScale.z
      value: .649999976
      objectReference: {fileID: 0}
    - target: {fileID: 2300022, guid: 73580e0fd4ae6414ba3f34a5fa1e6ae9, type: 3}
      propertyPath: m_Materials.Array.data[0]
      value: 
      objectReference: {fileID: 2100000, guid: d84b184791d3ebe4ab60ebb5476dd216, type: 2}
    m_RemovedComponents: []
  m_ParentPrefab: {fileID: 100100000, guid: 73580e0fd4ae6414ba3f34a5fa1e6ae9, type: 3}
  m_RootGameObject: {fileID: 1045420430}
  m_IsPrefabParent: 0
  m_IsExploded: 1
--- !u!1001 &1921974592
Prefab:
  m_ObjectHideFlags: 0
  serializedVersion: 2
  m_Modification:
    m_TransformParent: {fileID: 0}
    m_Modifications:
    - target: {fileID: 400002, guid: b19841f7af95242b6a62b4b0bbb18a2b, type: 3}
      propertyPath: m_LocalPosition.x
      value: 2.5
      objectReference: {fileID: 0}
    - target: {fileID: 400002, guid: b19841f7af95242b6a62b4b0bbb18a2b, type: 3}
      propertyPath: m_LocalPosition.y
      value: 4.19999981
      objectReference: {fileID: 0}
    - target: {fileID: 400002, guid: b19841f7af95242b6a62b4b0bbb18a2b, type: 3}
      propertyPath: m_LocalPosition.z
      value: 14.1000004
      objectReference: {fileID: 0}
    - target: {fileID: 400002, guid: b19841f7af95242b6a62b4b0bbb18a2b, type: 3}
      propertyPath: m_LocalRotation.x
      value: -.231173873
      objectReference: {fileID: 0}
    - target: {fileID: 400002, guid: b19841f7af95242b6a62b4b0bbb18a2b, type: 3}
      propertyPath: m_LocalRotation.y
      value: .112259813
      objectReference: {fileID: 0}
    - target: {fileID: 400002, guid: b19841f7af95242b6a62b4b0bbb18a2b, type: 3}
      propertyPath: m_LocalRotation.z
      value: -.0872225463
      objectReference: {fileID: 0}
    - target: {fileID: 400002, guid: b19841f7af95242b6a62b4b0bbb18a2b, type: 3}
      propertyPath: m_LocalRotation.w
      value: -.962470055
      objectReference: {fileID: 0}
    - target: {fileID: 400002, guid: b19841f7af95242b6a62b4b0bbb18a2b, type: 3}
      propertyPath: m_LocalScale.x
      value: 3.37958789
      objectReference: {fileID: 0}
    - target: {fileID: 400002, guid: b19841f7af95242b6a62b4b0bbb18a2b, type: 3}
      propertyPath: m_LocalScale.y
      value: 3.37958503
      objectReference: {fileID: 0}
    - target: {fileID: 400002, guid: b19841f7af95242b6a62b4b0bbb18a2b, type: 3}
      propertyPath: m_LocalScale.z
      value: 3.37958503
      objectReference: {fileID: 0}
    - target: {fileID: 2300002, guid: b19841f7af95242b6a62b4b0bbb18a2b, type: 3}
      propertyPath: m_Materials.Array.data[0]
      value: 
      objectReference: {fileID: 2100000, guid: 0882c8d0d0b368f4ab246e757e50e963, type: 2}
    m_RemovedComponents: []
  m_ParentPrefab: {fileID: 100100000, guid: b19841f7af95242b6a62b4b0bbb18a2b, type: 3}
  m_RootGameObject: {fileID: 575244469}
  m_IsPrefabParent: 0
  m_IsExploded: 1
--- !u!1 &1999889121
GameObject:
  m_ObjectHideFlags: 0
  m_PrefabParentObject: {fileID: 0}
  m_PrefabInternal: {fileID: 0}
  serializedVersion: 3
  m_Component:
  - 4: {fileID: 1999889122}
  - 33: {fileID: 1999889124}
  - 23: {fileID: 1999889123}
  m_Layer: 0
  m_Name: Quad
  m_TagString: Untagged
  m_Icon: {fileID: 0}
  m_NavMeshLayer: 0
  m_StaticEditorFlags: 0
  m_IsActive: 1
--- !u!4 &1999889122
Transform:
  m_ObjectHideFlags: 0
  m_PrefabParentObject: {fileID: 0}
  m_PrefabInternal: {fileID: 0}
  m_GameObject: {fileID: 1999889121}
  m_LocalRotation: {x: .707106829, y: 0, z: 0, w: .707106829}
  m_LocalPosition: {x: -2.72332244e-07, y: -7.25596351e-07, z: 4.0969553}
  m_LocalScale: {x: 3, y: 0, z: 3}
  m_Children: []
  m_Father: {fileID: 674214680}
--- !u!23 &1999889123
Renderer:
  m_ObjectHideFlags: 0
  m_PrefabParentObject: {fileID: 0}
  m_PrefabInternal: {fileID: 0}
  m_GameObject: {fileID: 1999889121}
  m_Enabled: 1
  m_CastShadows: 1
  m_ReceiveShadows: 1
  m_LightmapIndex: 255
  m_LightmapTilingOffset: {x: 1, y: 1, z: 0, w: 0}
  m_Materials:
  - {fileID: 2100000, guid: 8262ae8689c640f43ba7cad1d304c6a2, type: 2}
  m_SubsetIndices: 
  m_StaticBatchRoot: {fileID: 0}
  m_UseLightProbes: 0
  m_LightProbeAnchor: {fileID: 0}
  m_ScaleInLightmap: 1
--- !u!33 &1999889124
MeshFilter:
  m_ObjectHideFlags: 0
  m_PrefabParentObject: {fileID: 0}
  m_PrefabInternal: {fileID: 0}
  m_GameObject: {fileID: 1999889121}
  m_Mesh: {fileID: 10209, guid: 0000000000000000e000000000000000, type: 0}
